<record><leader>00000cas a2200000 a 4500</leader><controlfield tag="001">10053425</controlfield><controlfield tag="008">831025d19191922nyudr ne      0    0yidoc</controlfield><datafield ind1=" " ind2=" " tag="010"><subfield code="a">sn 83045860 </subfield></datafield><datafield ind1=" " ind2=" " tag="040"><subfield code="a">CRL</subfield><subfield code="b">eng</subfield><subfield code="c">CRL</subfield><subfield code="d">NPW</subfield><subfield code="d">YOX</subfield><subfield code="d">MGN</subfield><subfield code="d">CNK</subfield><subfield code="d">DLC</subfield><subfield code="d">OCLCQ</subfield><subfield code="d">OCLCF</subfield><subfield code="d">OCLCO</subfield><subfield code="d">OCLCQ</subfield></datafield><datafield ind1="0" ind2=" " tag="041"><subfield code="a">yid</subfield><subfield code="a">eng</subfield></datafield><datafield ind1=" " ind2=" " tag="042"><subfield code="a">pcc</subfield></datafield><datafield ind1=" " ind2=" " tag="043"><subfield code="a">n-us-ny</subfield></datafield><datafield ind1="0" ind2="0" tag="050"><subfield code="a">Newspaper</subfield></datafield><datafield ind1="0" ind2="4" tag="245"><subfield code="a">Der Tog, di v&#803;arhayt&#803; =</subfield><subfield code="b">The Day, the Warheit.</subfield></datafield><datafield ind1="3" ind2="1" tag="246"><subfield code="a">Day, the Warheit</subfield></datafield><datafield ind1="1" ind2="3" tag="246"><subfield code="a">Day and the Warheit</subfield><subfield code="f">Mar. 7, 1919-Feb. 3, 1922</subfield></datafield><datafield ind1=" " ind2=" " tag="260"><subfield code="a">New York, N.Y. :</subfield><subfield code="b">American Jewish Pub. Corp.,</subfield><subfield code="c">1919-1922.</subfield></datafield><datafield ind1=" " ind2=" " tag="300"><subfield code="a">4 volumes</subfield></datafield><datafield ind1=" " ind2=" " tag="310"><subfield code="a">Daily</subfield></datafield><datafield ind1=" " ind2=" " tag="336"><subfield code="a">text</subfield><subfield code="b">txt</subfield><subfield code="2">rdacontent</subfield></datafield><datafield ind1=" " ind2=" " tag="337"><subfield code="a">unmediated</subfield><subfield code="b">n</subfield><subfield code="2">rdamedia</subfield></datafield><datafield ind1=" " ind2=" " tag="338"><subfield code="a">volume</subfield><subfield code="b">nc</subfield><subfield code="2">rdacarrier</subfield></datafield><datafield ind1="0" ind2=" " tag="362"><subfield code="a">Vol. 5, no. 1568 (Mar. 1, 1919)-v. 8, no. 2625 (Feb. 3, 1922).</subfield></datafield><datafield ind1=" " ind2=" " tag="500"><subfield code="a">"The National Jewish daily."</subfield></datafield><datafield ind1=" " ind2=" " tag="546"><subfield code="a">In Yiddish and English.</subfield></datafield><datafield ind1=" " ind2="0" tag="650"><subfield code="a">Jewish newspapers</subfield><subfield code="z">United States.</subfield></datafield><datafield ind1=" " ind2="0" tag="651"><subfield code="a">New York (N.Y.)</subfield><subfield code="v">Newspapers.</subfield></datafield><datafield ind1=" " ind2="7" tag="650"><subfield code="a">Jewish newspapers.</subfield><subfield code="2">fast</subfield><subfield code="0">(OCoLC)fst00982872</subfield></datafield><datafield ind1=" " ind2="7" tag="651"><subfield code="a">New York (State)</subfield><subfield code="z">New York.</subfield><subfield code="2">fast</subfield><subfield code="0">(OCoLC)fst01204333</subfield></datafield><datafield ind1=" " ind2="7" tag="651"><subfield code="a">United States.</subfield><subfield code="2">fast</subfield><subfield code="0">(OCoLC)fst01204155</subfield></datafield><datafield ind1=" " ind2="7" tag="655"><subfield code="a">Newspapers.</subfield><subfield code="2">fast</subfield><subfield code="0">(OCoLC)fst01423814</subfield></datafield><datafield ind1=" " ind2=" " tag="752"><subfield code="a">United States</subfield><subfield code="b">New York</subfield><subfield code="c">New York</subfield><subfield code="d">New York.</subfield></datafield><datafield ind1="0" ind2=" " tag="775"><subfield code="t">Tog, di v&#803;arhayt&#803; (Boston ed.)</subfield><subfield code="w">(DLC)sn 95068806</subfield></datafield><datafield ind1="0" ind2="4" tag="780"><subfield code="t">Tog (New York, N.Y. : 1914)</subfield><subfield code="w">(DLC)sn 83045859</subfield></datafield><datafield ind1="0" ind2="4" tag="780"><subfield code="t">V&#803;arhayt&#803;</subfield><subfield code="w">(DLC)sn 83045867</subfield></datafield><datafield ind1="0" ind2="0" tag="785"><subfield code="t">Tog (New York, N.Y. : 1922)</subfield><subfield code="w">(DLC)sn 83045861</subfield></datafield><datafield ind1="1" ind2=" " tag="029"><subfield code="a">AU@</subfield><subfield code="b">000020295223</subfield></datafield></record>